<?xml version="1.0" encoding="UTF-8"?><record xmlns="http://www.loc.gov/MARC21/slim" xmlns:cinclude="http://apache.org/cocoon/include/1.0" xmlns:zs="http://www.loc.gov/zing/srw/">
  <leader>02019cz  a2200337n  4500</leader>
  <controlfield tag="001">no 91018090 </controlfield>
  <controlfield tag="003">DLC</controlfield>
  <controlfield tag="005">20150318073841.0</controlfield>
  <controlfield tag="008">910722n| azannaabn          |a aaa     c</controlfield>
  <datafield tag="010" ind1=" " ind2=" ">
    <subfield code="a">no 91018090 </subfield>
  </datafield>
  <datafield tag="035" ind1=" " ind2=" ">
    <subfield code="a">(OCoLC)oca02990549</subfield>
  </datafield>
  <datafield tag="040" ind1=" " ind2=" ">
    <subfield code="a">MdU</subfield>
    <subfield code="b">eng</subfield>
    <subfield code="e">rda</subfield>
    <subfield code="c">MdU</subfield>
    <subfield code="d">OCoLC</subfield>
    <subfield code="d">DLC</subfield>
    <subfield code="d">Uk</subfield>
    <subfield code="d">DLC</subfield>
    <subfield code="d">IEN</subfield>
  </datafield>
  <datafield tag="046" ind1=" " ind2=" ">
    <subfield code="f">17280219</subfield>
    <subfield code="g">18021003</subfield>
  </datafield>
  <datafield tag="100" ind1="1" ind2=" ">
    <subfield code="a">Albert de Rioms, François-Hector,</subfield>
    <subfield code="c">comte d',</subfield>
    <subfield code="d">1728-1802</subfield>
  </datafield>
  <datafield tag="370" ind1=" " ind2=" ">
    <subfield code="c">France</subfield>
    <subfield code="2">naf</subfield>
  </datafield>
  <datafield tag="374" ind1=" " ind2=" ">
    <subfield code="a">Navies--Officers</subfield>
    <subfield code="2">lcsh</subfield>
  </datafield>
  <datafield tag="375" ind1=" " ind2=" ">
    <subfield code="a">male</subfield>
  </datafield>
  <datafield tag="377" ind1=" " ind2=" ">
    <subfield code="a">fre</subfield>
  </datafield>
  <datafield tag="400" ind1="1" ind2=" ">
    <subfield code="a">Albert de Rioms,</subfield>
    <subfield code="c">comte d',</subfield>
    <subfield code="d">1728-1802</subfield>
  </datafield>
  <datafield tag="400" ind1="1" ind2=" ">
    <subfield code="a">Albert de Rions, François-Hector,</subfield>
    <subfield code="c">comte d',</subfield>
    <subfield code="d">1728-1802</subfield>
  </datafield>
  <datafield tag="400" ind1="1" ind2=" ">
    <subfield code="a">D'Albert de Rioms, François-Hector,</subfield>
    <subfield code="c">comte,</subfield>
    <subfield code="d">1728-1802</subfield>
  </datafield>
  <datafield tag="400" ind1="1" ind2=" ">
    <subfield code="a">De Rioms, François-Hector,</subfield>
    <subfield code="c">comte d'Albert,</subfield>
    <subfield code="d">1728-1802</subfield>
  </datafield>
  <datafield tag="400" ind1="1" ind2=" ">
    <subfield code="a">Rioms, François-Hector,</subfield>
    <subfield code="c">comte d'Albert de,</subfield>
    <subfield code="d">1728-1802</subfield>
  </datafield>
  <datafield tag="400" ind1="1" ind2=" ">
    <subfield code="a">Rions, François-Hector,</subfield>
    <subfield code="c">comte d'Albert de,</subfield>
    <subfield code="d">1728-1802</subfield>
  </datafield>
  <datafield tag="400" ind1="1" ind2=" ">
    <subfield code="a">Dalbert de Rioms, François Hector,</subfield>
    <subfield code="d">1728-1802</subfield>
  </datafield>
  <datafield tag="400" ind1="1" ind2=" ">
    <subfield code="a">Rioms, François Hector Dalbert,</subfield>
    <subfield code="d">1728-1802</subfield>
  </datafield>
  <datafield tag="670" ind1=" " ind2=" ">
    <subfield code="a">Raymond. Lettres de Messieurs Raymond, Jourdan et Mallard, députés de la Garde nationale &amp; de la commune de Toulon, 1790:</subfield>
    <subfield code="b">t.p. (M. le comte d'Albert de Rioms, chef d'escadre)</subfield>
  </datafield>
  <datafield tag="670" ind1=" " ind2=" ">
    <subfield code="a">Robinet. Dict. hist. et biog. de la Rév.</subfield>
    <subfield code="b">(Albert de Rioms, François-Hector, comte d'; b. 2/19/1728; d. 10/3/1802)</subfield>
  </datafield>
  <datafield tag="670" ind1=" " ind2=" ">
    <subfield code="a">Bib. nat.</subfield>
    <subfield code="b">(hdg.: Albert de Rioms, Cte d'; usage: M. le comte d'Albert de Rioms; M. le comte d'Albert de Rions)</subfield>
  </datafield>
  <datafield tag="670" ind1=" " ind2=" ">
    <subfield code="a">NUC pre-56</subfield>
    <subfield code="b">(Albert de Rions, François Hector, comte d', 1728-1802)</subfield>
  </datafield>
  <datafield tag="670" ind1=" " ind2=" ">
    <subfield code="a">BNF online, viewed 25 February 2015</subfield>
    <subfield code="b">(access point: Albert de Rioms, François Hector d', 1728-1802; refs.: Rioms, François Hector d'Albert de, 1728-18021; Albert de Rions, François Hector d', 1728-1802; Rions, François Hector d'Albert de, 1728-1802; Albert de Rioms, Comte d', 1728-1802; Dalbert de Rioms, François Hector, 1728-1802; Rioms, François Hector Dalbert, 1728-1802, a contre-amiral [Rear-Admiral])</subfield>
  </datafield>
</record>